@book{WHS10,
  author = {Haemel, Nicholas and Lipchak, Benjamin and Sellers, Graham and Wright, Richard S.},
  title = {OpenGL Super Bible, Fifth Edition},
  year = {2010},
  publisher = {Addison Wesley},
}

@book{EE11,
  author = {Ezust, Alan and Ezust, Paul},
  title = {Introduction to Design Patterns in C++ with Qt, 2nd Edition},
  year = {2011},
  month = {9},
  publisher = {Prentice Hall},
}
